
@misc{provaBib,
	author = {Pippo,D. and Pluto,F. and Paperino,G.},
	title = {Un titolo di prova per questo riferimento bibliografico},
	date = {2023},
}

@article{altroBib,
	title = {Titolo di un altro riferimento bibliografico fittizio},
	volume = {160},
	issn = {0360-8352},
	shorttitle = {Titolo fittizio},
	journaltitle = {Titolo per bibliografie fittizie},
	author={Rossi, T. and Bianchi, C. and Bruni, S.},
	date = {2023},
}
